@book{rosen2012discrete,
  title={Discrete mathematics and its applications},
  author={Rosen, Kenneth H and Krithivasan, Kamala},
  volume={7},
  year={2012},
  publisher={McGraw-Hill New York}
}
