@book{rosen2012discrete,
  title={Discrete mathematics and its applications},
  author={Rosen, Kenneth H and Krithivasan, Kamala},
  volume={7},
  year={2012},
  publisher={McGraw-Hill New York}
}
@misc{fall2009,
title = {{CS173}: Discrete Structures Fall 2009},
howpublished = {\url{https://courses.engr.illinois.edu/cs173/fa2009/}},
note = {Accessed: 2016-9-9}
}
@misc{spring2009,
	title = {{CS173}: Discrete Structures Spring 2009},
	howpublished = {\url{https://courses.engr.illinois.edu/cs173/sp2009/}},
	note = {Accessed: 2016-9-9}
}
@misc{ucdavisfall2009,
	title = {{ECS} 20 Fall 2009},
	howpublished = {\url{http://isrobin.com/2010/c/tutor/math/homework1_solution.pdf}},
	note = {Accessed: 2016-9-9}
}